<record><leader>00000cas a22000007a 4500</leader><controlfield tag="001">9627554</controlfield><controlfield tag="008">830621d19791991couwr ne      0   a0eng d</controlfield><datafield ind1=" " ind2=" " tag="010"><subfield code="a">sn 83009151 </subfield></datafield><datafield ind1=" " ind2=" " tag="040"><subfield code="a">NSD</subfield><subfield code="b">eng</subfield><subfield code="c">NSD</subfield><subfield code="d">CNQ</subfield><subfield code="d">NSD</subfield><subfield code="d">OCLCQ</subfield></datafield><datafield ind1=" " ind2=" " tag="012"><subfield code="j">0</subfield></datafield><datafield ind1="1" ind2=" " tag="022"><subfield code="a">0745-9610</subfield><subfield code="l">0745-9610</subfield><subfield code="2">1</subfield></datafield><datafield ind1=" " ind2=" " tag="032"><subfield code="a">176680</subfield><subfield code="b">USPS</subfield></datafield><datafield ind1=" " ind2=" " tag="037"><subfield code="b">Community Publications Co., 11059 E. Bethany Dr., Aurora, CO 80014</subfield></datafield><datafield ind1=" " ind2=" " tag="042"><subfield code="a">nsdp</subfield></datafield><datafield ind1=" " ind2="0" tag="222"><subfield code="a">Englewood sentinel</subfield></datafield><datafield ind1="0" ind2="0" tag="245"><subfield code="a">Englewood sentinel.</subfield></datafield><datafield ind1=" " ind2=" " tag="260"><subfield code="a">Englewood, Colo. :</subfield><subfield code="b">Community Publications Co.,</subfield></datafield><datafield ind1=" " ind2=" " tag="300"><subfield code="a">v.</subfield></datafield><datafield ind1=" " ind2=" " tag="310"><subfield code="a">Weekly</subfield></datafield><datafield ind1="0" ind2=" " tag="362"><subfield code="a">Vol. 67, no. 31 (Feb. 28, 1979)-    ;    -issue 48 (Aug. 1, 1991).</subfield></datafield><datafield ind1=" " ind2=" " tag="530"><subfield code="a">Available on microfilm from the Colorado Historical Society.</subfield></datafield><datafield ind1=" " ind2=" " tag="752"><subfield code="a">United States</subfield><subfield code="b">Colorado</subfield><subfield code="c">Arapahoe</subfield><subfield code="d">Englewood.</subfield></datafield><datafield ind1="0" ind2="0" tag="780"><subfield code="t">Englewood herald sentinel</subfield><subfield code="w">(DLC)sn 89052081</subfield></datafield><datafield ind1="0" ind2="0" tag="785"><subfield code="t">Englewood herald (Englewood, Colo. : 1991)</subfield><subfield code="x">1058-9899</subfield><subfield code="w">(DLC)sn 91052625</subfield></datafield><datafield ind1=" " ind2=" " tag="936"><subfield code="a">June 8, 1983</subfield></datafield></record>